% @commentary{gans2002,
%   editor      = {Gans , Dietmar },
%   editora     = { Pantoffel , Frank },
%   editoratype = { founder },
%   gender      = {pm},
%   title       = { Handbuch des Rechts , des sonstigen Rechts und übriger
%                  Gesetze , Kommentar },
%   shorthand   = { Handbuch des Rechts },
%   edition     = {2},
%   location    = { München },
%   year        = {2002}
% }

@book{sonnberger2023,
  author    = {Martin Sonnberger and Lukas Puhony},
  publisher = {Ein Verlag},
  title     = {Ein Buch},
  shorttitle= {Ein Buch},
  edition   = {3},
  year      = {2023}
}

% @book{sonnberger2021,
%   author    = {Peter Sonnberger and Lukas Wappler},
%   editor    = {Lukas Puhony},
%   publisher = {Ein Verlag},
%   title     = {Ein Buch},
%   shorttitle= {Ein Buch},
%   year      = {2021}
% }